% ----Team Coral Reefsearchers Bibliography----

%----------------------------------------------
%|                  Articles                  |
%----------------------------------------------
% [01]Maynardetal_2015_Assessingrelativeresiliencepotentialofcoralreefstoinformmanagement_BioCons
@article{01_assesing_relative, 
    title={Assessing relative resilience potential of coral reefs to inform management}, volume={192}, DOI={10.1016/j.biocon.2015.09.001}, 
    journal={Biological Conservation}, author={Maynard, Jeffrey A. and Mckagan, Steven and Raymundo, Laurie and Johnson, Steven and Ahmadia, Gabby N. and Johnston, Lyza and Houk, Peter and Williams, Gareth J. and Kendall, Matt and Heron, Scott F. and et al.}, year={2015},
    pages={109–119}
}

% [02]Model_of_coral_population_response_to_accelerated_
@article{02_Riegl_Purkis_Model, 
    title={Model of coral population response to accelerated bleaching and mass mortality in a changing climate}, 
    volume={220}, 
    DOI={10.1016/j.ecolmodel.2008.09.022}, 
    number={2}, 
    journal={Ecological Modelling}, 
    author={Riegl, Bernhard M. and Purkis, Samuel J.}, 
    year={2009}, 
    month={01}, 
    pages={192–208}
}

% [03]Prioritizing_Key_Resilience_Indicators_to_Support_Coral_Reef_Management_in_a_Changing_Climate
@article{03_prioritize, 
    title={Prioritizing Key Resilience Indicators to Support Coral Reef Management in a Changing Climate}, 
    volume={7}, 
    DOI={10.1371/journal.pone.0042884}, 
    number={8}, 
    journal={PLoS ONE}, 
    author={Mcclanahan, Tim R. and Donner, Simon D. and Maynard, Jeffrey A. and Macneil, M. Aaron and Graham, Nicholas A. J. and Maina, Joseph and Baker, Andrew C. and I., Jahson B. Alemu and Beger, Maria and Campbell, Stuart J. and et al.}, year={2012}
}

% [04]Mathematical_analysis_of_coral_reef_models
@article{04_mathanalysis,
    title = {Mathematical analysis of coral reef models},
    journal = {Journal of Mathematical Analysis and Applications},
    volume = {416},
    number = {1},
    pages = {352-373},
    year = {2014},
    issn = {0022-247X},
    doi = {https://doi.org/10.1016/j.jmaa.2014.02.053},
    url = {https://www.sciencedirect.com/science/article/pii/S0022247X14001917},
    author = {Xiong Li and Hao Wang and Zheng Zhang and Alan Hastings},
    keywords = {Coral reef, Delay differential equation, Stability, Hopf bifurcation},
}

% [05]Mathematical_Model_of_Coral_reef_Response
@article{05_quintero_machuca_cotto_bradley_ríos-soto_2016, 
    title={A Mathematical Model of Coral Reef Response to Destructive Fishing Practices with Predator-Prey Interactions}, 
    author={Quintero, Sarai and Machuca, Vanessa and Cotto, Héctor and Bradley, Myles and Ríos-Soto, Karen},
    year={2016}, 
    month={07}
}

% [06]Bee Math Model
@article{06_yong_herrera_castillo-chavez_2016, 
    title={From Bee Species Aggregation to Models of Disease Avoidance: The Ben-Hur effect},
    DOI={10.1007/978-3-319-40413-4_11}, 
    journal={Mathematical and Statistical Modeling for Emerging and Re-emerging Infectious Diseases},
    author={Yong, K. E. and Herrera, E. Díaz and Castillo-Chavez, C.}, 
    year={2016}, 
    pages={169–185}
}

% [07]VaccinationGameTheory
@article{07_bauch_earn_2004, 
    title={Vaccination and the theory of games}, 
    journal={PNAS}, 
    author={Bauch, Chris T and Earn, David J. D.}, 
    year={2004}, 
    month={07}
}

% [11]Zikkah_2020_J._Phys.__Conf._Ser._1657_012062
@article{11_zikkah_anggriani_supriatna_2020, 
    title={Mathematical model of coral reefs with fish harvesting effect}, 
    volume={1657}, 
    DOI={10.1088/1742-6596/1657/1/012062}, 
    journal={Journal of Physics: Conference Series}, 
    author={Zikkah, R N and Anggriani, N and Supriatna, A K}, 
    year={2020}, 
    pages={012-062}
}

% [12]NOAA - Stock Assessment of Guam Coral Reef Fish
@book{12_noaa_report,
    journal={Stock Assessment of Guam Coral Reef Fish},
    author = {Nadon, Marc O.},
    year = {2019},
    pages={1–100}
}

% [13]The_effect_of_fishing_on_hysteresis_in_Caribbean_coral_reefs
@article{13_blackwood_hastings_mumby_2010,
    title = {The effect of fishing on hysteresis in Caribbean coral reefs},
    DOI = {10.1007/s12080-010-0102-0},
    journal = {Theoretical Ecology},
    number = {1},
    journal = {5},
    author = {Blackwood, J. C. and Hastings, A. and Mumby, P. J.},
    year = {2010},
    month = {11},
    pages = {105-114}
}

% [14]Thresholds_and_the_resilience_of_Caribbean_coral
@article{14_mumby_hastings_edwards_2007, 
    title={Thresholds and the resilience of Caribbean coral reefs}, 
    volume={450}, DOI={10.1038/nature06252}, 
    number={7166}, 
    journal={Nature}, 
    author={Mumby, Peter J. and Hastings, Alan and Edwards, Helen J.}, year={2007}, 
    month={11}, 
    pages={98–101}
}

% [15]Blackwood_Okasaki - Modeling alternative stable states in Carribean coral reefs
@article{15_blackwood_okasaki_archer_matt_sherman_montovan_2018, 
    title={Modeling alternative stable states in Caribbean coral reefs}, 
    volume={31}, 
    DOI={10.1111/nrm.12157}, 
    number={1}, 
    journal={Natural Resource Modeling}, 
    author={Blackwood, Julie C. and Okasaki, Colin and Archer, Andre and Matt, Eliza W. and Sherman, Elizabeth and Montovan, Kathryn}, 
    year={2018}, 
    month={08}
}

% [16]A model of the effects of land-based, human activities on the health of coral reefs in the Great Barrier Reef and in Fouha Bay, Guam, Micronesia
@article{16_wolanski_richmond_mccook_2004, 
    title={A model of the effects of land-based, human activities on the health of coral reefs in the Great Barrier Reef and in Fouha Bay, Guam, Micronesia}, 
    volume={46}, 
    DOI={10.1016/j.jmarsys.2003.11.018}, 
    number={1-4}, 
    journal={Journal of Marine Systems}, 
    author={Wolanski, Eric and Richmond, Robert H. and Mccook, Laurence}, 
    year={2004}, 
    pages={133–144}
}

@article{bible,
    author = "Driessche, P. Van Den and Watmough, James", 
    title = "Reproduction numbers and sub-threshold endemic equilibria for compartmental models of disease transmission",
    journal = "Mathematics Biosciences",
    volume = "180",
    number = "1-2",
    pages = "29-48",
    year = "2002",
    DOI = "10.1016/s0025-5564(02)00108-6"
}

%----------------------------------------------


%----------------------------------------------
%|                  Websites                  |
%----------------------------------------------
@misc{guamwebsite,
    title = {Importance of Guam's Reefs},
    url = {http://www.guamreeflife.com/reef-conservation/importance-of-guams-reefs/}
}

@misc{ross,
    title={What Are Coral Reefs?}, 
    url={https://www.livescience.com/40276-coral-reefs.html}, journal={LiveScience}, 
    publisher={Purch}, 
    author={Ross, Rachel}, 
    year={2018}, 
    month={09}
}

@misc{delamater_street_leslie_yang_jacobsen_2019,   
    title={Complexity of the Basic Reproduction Number(R0) - Emerging Infectious Diseases journal - CDC},
    url={https://wwwnc.cdc.gov/eid/article/25/1/17-1901_article}, 
    journal={Centers for Disease Control and Prevention}, publisher={Centers for Disease Control and Prevention}, 
    author={Delamater, Paul L. and Street, Erica J. and Leslie, Timothy F. and Yang, Y. Tony and Jacobsen, Kathryn H,}, 
    year={2019},         
    month={01}
}

@misc{nash_definition, 
    title={Nash Equilibrium}, 
    url={https://www.investopedia.com/terms/n/nash-equilibrium.asp}, 
    journal={Investopedia}, 
    publisher={Investopedia}, 
    author={Chen, James}, 
    year={2021}, 
    month={05}
}

@misc{game_theory_definition, 
    title={How Game Theory Works}, 
    url={https://www.investopedia.com/terms/g/gametheory.asp}, 
    journal={Investopedia}, 
    publisher={Investopedia}, 
    author={Hayes, Adam}, 
    year={2021}, 
    month={07}
}
%----------------------------------------------


%----------------------------------------------
%|                   Images                   |
%----------------------------------------------
@book{img_parrot_fish, 
    url={https://seaunseen.com/wp-content/uploads/2020/12/MG_9789.jpg}
}

@book{img_coral_reef, 
    url={https://static.euronews.com/articles/stories/05/00/14/58/1440x810_cmsv2_3031d677-63ce-54f2-baa9-1deb93f016c1-5001458.jpg}
}

@book{img_algal_turf, 
    url={https://i0.wp.com/urbanmarineecology.org/wp-content/uploads/2018/03/Diversity-Algae.jpg?resize=300,225}
}

@book{img_macroalgae, 
    url={https://upload.wikimedia.org/wikipedia/commons/6/67/Fucus_serratus_2015-09-08_ag_M0010140.jpg}
}